@book{vonNeumann55,
  author    = {J. von Neumann}, 
  title     = {Mathematical Foundations of Quantum Mechanics},
  publisher = {Princeton
  University Press},
  year      = {1955}
}

@article{Fano57,
	title = {Description of States in Quantum Mechanics by Density Matrix and Operator Techniques},
	author = {Fano, U.},
	journal = {Rev. Mod. Phys.},
	volume = {29},
	issue = {1},
	pages = {74--93},
	numpages = {0},
	year = {1957},
	month = {Jan},
	publisher = {American Physical Society},
	doi = {10.1103/RevModPhys.29.74}
}

@article{Serafini05,
	title = {Multimode Uncertainty Relations and Separability of Continuous Variable States},
	author = {Serafini, A.},
	journal = {Phys. Rev. Lett.},
	volume = {96},
	issue = {11},
	pages = {110402},
	numpages = {4},
	year = {2006},
	month = {Mar},
	publisher = {American Physical Society},
	doi = {10.1103/PhysRevLett.96.110402}
}

@article{Adesso14,
	author = {Adesso, G. and Ragy, S. and Lee, A. R.},
	title = {Continuous Variable Quantum Information: Gaussian States and Beyond},
	journal = {Open Systems; Information Dynamics},
	volume = {21},
	number = {01n02},
	pages = {1440001},
	year = {2014},
	doi = {10.1142/S1230161214400010}
}

@article{Braunstein,
	title = {Quantum information with continuous variables},
	author = {Braunstein, S. L. and van Loock, P.},
	journal = {Rev. Mod. Phys.},
	volume = {77},
	issue = {2},
	pages = {513--577},
	numpages = {0},
	year = {2005},
	month = {Jun},
	publisher = {American Physical Society},
	doi = {10.1103/RevModPhys.77.513}
}

@Article{Olivares12,
	author="Olivares, S.
	and Paris, M. G. A.",
	title="Quantum estimation of states and operations from incomplete data",
	journal="The European Physical Journal Special Topics",
	year="2012",
	volume="203",
	number="1",
	pages="185--192",
	abstract="We review minimum Kullback entropy principle for estimation of quantum states and operations and discuss its application to qubit and harmonic oscillator systems. In particular, we address the estimation of displacement and squeezing operations from incomplete data and show how to estimate the displacement or squeezing amplitude starting from photon-number resolving or on/off photodetection.",
	doi="10.1140/epjst/e2012-01542-2"
}

@article{Cahill68,
	title = {Ordered Expansions in Boson Amplitude Operators},
	author = {Cahill, K. E. and Glauber, R. J.},
	journal = {Phys. Rev.},
	volume = {177},
	issue = {5},
	pages = {1857--1881},
	numpages = {0},
	year = {1969},
	month = {Jan},
	publisher = {American Physical Society},
	doi = {10.1103/PhysRev.177.1857}
}

@article{Hillery84,
	title = {Distribution functions in physics: Fundamentals},
	author = {M. Hillery, R.F. O'Connell, M.O. Scully and E.P. Wigner},
	journal = {Phys. Revp.},
	volume = {106},
	issue = {3},
	pages = {121--167},
	numpages = {0},
	year = {1984}
	
}

@misc{Ribeiro,
	author       = {Ribeiro, M. I.}, 
	title        = {Gaussian probability density functions: Properties and error charac-
	terization},
	howpublished = {Technical report, Instituto Superior Tecnico},
	year         = 2003
}

@article{Schumaker86,
	title = "Quantum mechanical pure states with gaussian wave functions",
	journal = "Physics Reports",
	volume = "135",
	number = "6",
	pages = "317 - 408",
	year = "1986",
	note = "",
	issn = "0370-1573",
	doi = "http://dx.doi.org/10.1016/0370-1573(86)90179-1",
	url = "http://www.sciencedirect.com/science/article/pii/0370157386901791",
	author = "Schumaker, B. L.",
	
}

@article{Adesso07,
	author={Adesso, G. and Illuminati, F.},
	title={Entanglement in continuous-variable systems: recent advances and current perspectives},
	journal={Journal of Physics A: Mathematical and Theoretical},
	volume={40},
	number={28},
	pages={7821},
	url={http://stacks.iop.org/1751-8121/40/i=28/a=S01},
	year={2007}
}

@article{Plenio03,
	author = {Eisert, J. and Plenio, M. B.},
	title = {INTRODUCTION TO THE BASICS OF ENTANGLEMENT THEORY  IN CONTINUOUS-VARIABLE SYSTEMS},
	journal = {International Journal of Quantum Information},
	volume = {01},
	number = {04},
	pages = {479-506},
	year = {2003}
}

@article{Genoni16,
	author = {Genoni, M. G. and Lami, L. and Serafini, A.},
	title = {Conditional and unconditional Gaussian quantum dynamics},
	journal = {Contemporary Physics},
	volume = {57},
	number = {3},
	pages = {331-349},
	year = {2016}	
}


@article{Genoni15,
	author={Genoni, M. G. and Zhang, J. and Millen, J. and Barker, P. F. and Serafini, A.},
	title={Quantum cooling and squeezing of a levitating nanosphere via time-continuous measurements},
	journal={New Journal of Physics},
	volume={17},
	number={7},
	pages={073019}
	year={2015}
}


@article{Sherson,
	title = {Entanglement of large atomic samples: A Gaussian-state analysis},
	author = {Sherson, J. and M\o{}lmer, K.},
	journal = {Phys. Rev. A},
	volume = {71},
	issue = {3},
	pages = {033813},
	numpages = {9},
	year = {2005}
}

@book{Napoli05,
	author    = {Ferraro, A., Olivares, S. and Paris, M. G. A.}, 
	title     = {Gaussian States in Quantum Information},
	publisher = {Napoli Series on Physics and Astrophysics, Bibliopolis},
	year      = {2005}
}

@article{Weedbrook12,
	title = {Gaussian quantum information},
	author = {Weedbrook, C. and Pirandola, S. and Garc\'{\i}a-Patr\'on, R. and Cerf, N. J. and Ralph, T. C. and Shapiro, J. H. and Lloyd, S.},
	journal = {Rev. Mod. Phys.},
	volume = {84},
	issue = {2},
	pages = {621--669},
	numpages = {0},
	year = {2012}
}

@Article{Arvind95,
	author="Arvind
	and Dutta, B.
	and Mukunda, N.
	and Simon, R.",
	title="The real symplectic groups in quantum mechanics and optics",
	journal="Pramana",
	year="1995",
	volume="45",
	number="6",
	pages="471--497"
}


@article{Williamson36,
	author = {Williamson, J.},
	journal = {American Journal of Mathematics},
	number = {1},
	pages = {141-163},
	publisher = {Johns Hopkins University Press},
	title = {On the Algebraic Problem Concerning the Normal Forms of Linear Dynamical Systems},
	volume = {58},
	year = {1936}
}

@article{Simon94,
	title = {Quantum-noise matrix for multimode systems: U(n) invariance, squeezing, and normal forms},
	author = {Simon, R. and Mukunda, N. and Dutta, Biswadeb},
	journal = {Phys. Rev. A},
	volume = {49},
	issue = {3},
	pages = {1567--1583},
	numpages = {0},
	year = {1994},
	month = {Mar},
	publisher = {American Physical Society},
	doi = {10.1103/PhysRevA.49.1567},
	url = {https://link.aps.org/doi/10.1103/PhysRevA.49.1567}
}

@article{Rob29,
	title = {The Uncertainty Principle},
	author = {Robertson, H. P.},
	journal = {Phys. Rev.},
	volume = {34},
	issue = {1},
	pages = {163--164},
	numpages = {0},
	year = {1929},
	month = {Jul},
	publisher = {American Physical Society},
	doi = {10.1103/PhysRev.34.163},
	url = {https://link.aps.org/doi/10.1103/PhysRev.34.163}
}

@article{Fujita,
	title = {On the Heisenberg and Schr√∂dinger Pictures},
	author = {Fujita, S., MacNabb III, J. and Suzuki, A.},
	journal = {Journal of Modern Physics},
	volume = {5},
	pages = {171--176},
	numpages = {0},
	year = {2014}
}

@article{Wang07,
	title={Quantum information with Gaussian states},
	author={Wang, Xiang-Bin and Hiroshima, Tohya and Tomita, Akihisa and Hayashi, Masahito},
	journal={Physics reports},
	volume={448},
	number={1},
	pages={1--111},
	year={2007},
	publisher={Elsevier}
}
