@book{vonNeumann55,
	author    = {J. von Neumann}, 
	title     = {Mathematical Foundations of Quantum Mechanics},
	publisher = {Princeton University Press},
	year      = {1955}
}

@article{Fano57,
	title = {Description of States in Quantum Mechanics by Density Matrix and Operator Techniques},
	author = {U. Fano},
	journal = {Rev. Mod. Phys.},
	volume = {29},
	pages = {74--93},
	year = {1957}
}

@article{Serafini05,
	title = {Multimode Uncertainty Relations and Separability of Continuous Variable States},
	author = {A. Serafini},
	journal = {Phys. Rev. Lett.},
	volume = {96},
	pages = {110402},
	year = {2006}
}

@article{Adesso14,
	author = {Adesso, G and Ragy,S and Lee, A R},
	title = {Continuous Variable Quantum Information: Gaussian States and Beyond},
	journal = {Open Systems; Information Dynamics},
	volume = {21},
	pages = {1440001},
	year = {2014},
	doi = {10.1142/S1230161214400010}
}

@article{Braunstein,
	title = {Quantum information with continuous variables},
	author = {S. L. Braunstein  and P.  van Loock},
	journal = {Rev. Mod. Phys.},
	volume = {77},
	pages = {513--577},
	year = {2005}
}

@Article{Olivares12,
	author="S. Olivares and M. G. A. Paris",
	title="Quantum estimation of states and operations from incomplete data",
	journal="The European Physical Journal Special Topics",
	year="2012",
	volume="203",
	pages="185--192"
}

@article{Cahill68,
	title = {Ordered Expansions in Boson Amplitude Operators},
	author = {K. E. Cahill and R. J. Glauber},
	journal = {Phys. Rev.},
	volume = {177},
	pages = {1857--1881},
	year = {1969}
}

@article{Hillery84,
	title = {Distribution functions in physics: Fundamentals},
	author = {M A Hillery and R F O'Connell and M O Scully and E P Wigner},
	journal = {Phys. Rep.},
	volume = {106},
	pages = {121--167},
	year = {1984}
	
}

@misc{Ribeiro,
	author       = {M. I. Ribeiro}, 
	title        = {Gaussian probability density functions: Properties and error characterization},
	howpublished = {Technical report, Instituto Superior Tecnico},
	year         = 2003
}

@article{Schumaker86,
	title = "Quantum mechanical pure states with gaussian wave functions",
	journal = "Physics Reports",
	volume = "135",
	pages = "317 - 408",
	year = "1986",
	author = "B. L. Schumaker",
	
}

@article{Adesso07,
	author={G. Adesso, and F. Illuminati},
	title={Entanglement in continuous-variable systems: recent advances and current perspectives},
	journal={Journal of Physics A: Mathematical and Theoretical},
	volume={40},
	pages={7821},
	year={2007}
}

@article{Plenio03,
	author = {J. Eisert, and M. B. Plenio},
	title = {INTRODUCTION TO THE BASICS OF ENTANGLEMENT THEORY  IN CONTINUOUS-VARIABLE SYSTEMS},
	journal = {International Journal of Quantum Information},
	volume = {01},
	pages = {479-506},
	year = {2003}
}

@article{Genoni16,
	author = {M G Genoni and L Lami and A Serafini},
	title = {Conditional and unconditional Gaussian quantum dynamics},
	journal = {Contemporary Physics},
	volume = {57},
	pages = {331-349},
	year = {2016}	
}


@article{Genoni15,
	author={M. G. Genoni and J. Zhang and J. Millen and P. F. Barker and A. Serafini},
	title={Quantum cooling and squeezing of a levitating nanosphere via time-continuous measurements},
	journal={New Journal of Physics},
	volume={17},
	pages={073019}
	year={2015}
}


@article{Sherson,
	title = {Entanglement of large atomic samples: A Gaussian-state analysis},
	author = {J. Sherson, and K. M\o{}lmer},
	journal = {Phys. Rev. A},
	volume = {71},
	pages = {033813},
	year = {2005}
}

@book{Napoli05,
	author    = {A. Ferraro, and S. Olivares, and M. G. A. Paris}, 
	title     = {Gaussian States in Quantum Information},
	publisher = {Napoli Series on Physics and Astrophysics, Bibliopolis},
	year      = {2005}
}

@article{Weedbrook12,
	title = {Gaussian quantum information},
	author = {C. Weedbrook, and S. Pirandola, and R. Garc\'{\i}a-Patr\'on, and N. J. Cerf, and T. C. Ralph, and J. H. Shapiro, and S. Lloyd},
	journal = {Rev. Mod. Phys.},
	volume = {84},
	pages = {621--669},
	year = {2012}
}

@Article{Arvind95,
	author="Arvind, and B. Dutta, and N. Mukunda, and R. Simon",
	title="The real symplectic groups in quantum mechanics and optics",
	journal="Pramana",
	year="1995",
	volume="45",
	pages="471--497"
}


@article{Williamson36,
	author = {J. Williamson},
	journal = {American Journal of Mathematics},
	pages = {141-163},
	publisher = {Johns Hopkins University Press},
	title = {On the Algebraic Problem Concerning the Normal Forms of Linear Dynamical Systems},
	volume = {58},
	year = {1936}
}

@article{Simon94,
	title = {Quantum-noise matrix for multimode systems: U(n) invariance, squeezing, and normal forms},
	author = {R. Simon, and N. Mukunda, and B. Dutta},
	journal = {Phys. Rev. A},
	volume = {49},
	pages = {1567--1583},
	year = {1994}

@article{Rob29,
	title = {The Uncertainty Principle},
	author = {H. P. Robertson},
	journal = {Phys. Rev.},
	volume = {34},
	pages = {163--164},
	year = {1929}
}

@article{Sch30,
	title = {Die gegenw{\"a}rtige Situation in der Quantenmechanik},
	author = {E. Schr{\"o}dinger},
	journal = {Naturwissenschaften},
	volume = {23},
	pages = {807--812, 823-828, 844--849},
	year = {1935}
}

@article{Heisenberg27,
	title = {{\"U}ber den anschaulichen Inhalt der quantentheoretishen Kinematik und Mechanik},
	author = {W. Heisenberg},
	journal = {ZS f{\"u}r Physik},
	volume = {43},
	pages = {172--198},
	year = {1927}
}

@article{Fujita,
	title = {On the Heisenberg and Schr{\"o}dinger Pictures},
	author = {S. Fujita, and J. McNabb III, and A. Suzuki},
	journal = {Journal of Modern Physics},
	volume={5},
	pages = {171--176},
	year = {2014}
}

@article{Wang07,
	title={Quantum information with Gaussian states},
	author={X. B. Wang, and T. Hisoshima, and A. Tomita, and M. Hayashi},
	journal={Physics reports},
	volume={448},
	pages={1--111},
	year={2007},
	publisher={Elsevier}
}

@book{Serafini17,
	author    = {A. Serafini}, 
	title     = {Quantum Continuous Variables: A Primer of Theoretical Methods},
	publisher = {CRC Press},
	year      = {2017}
}


@Article{Pikovski,
	author={Pikovski, Igor
	and Vanner, Michael R.
	and Aspelmeyer, Markus
	and Kim, M. S.
	and Brukner, Caslav},
	title={Probing Planck-scale physics with quantum optics},
	journal={Nat Phys},
	year={2012},
	publisher={Nature Publishing Group},
	volume={8},
	pages={393-397},
	issn={1745-2473},
	doi={10.1038/nphys2262},
	url={http://dx.doi.org/10.1038/nphys2262}
}

@article{Hoff,
	title = {Measurement-Induced Macroscopic Superposition States in Cavity Optomechanics},
	author = {Hoff, Ulrich B. and Kollath-B\"onig, Johann and Neergaard-Nielsen, Jonas S. and Andersen, Ulrik L.},
	journal = {Phys. Rev. Lett.},
	volume = {117},
	issue = {14},
	pages = {143601},
	numpages = {6},
	year = {2016},
	month = {Sep},
	publisher = {American Physical Society},
	doi = {10.1103/PhysRevLett.117.143601},
	url = {https://link.aps.org/doi/10.1103/PhysRevLett.117.143601}
}

@article{Aspelmeyer,
	title = {Cavity optomechanics},
	author = {Aspelmeyer, Markus and Kippenberg, Tobias J. and Marquardt, Florian},
	journal = {Rev. Mod. Phys.},
	volume = {86},
	issue = {4},
	pages = {1391--1452},
	numpages = {62},
	year = {2014},
	month = {Dec},
	publisher = {American Physical Society},
	doi = {10.1103/RevModPhys.86.1391},
	url = {https://link.aps.org/doi/10.1103/RevModPhys.86.1391}
}

@book{Chuang,
	author = {Nielsen, Michael A. and Chuang, Isaac L.},
	title = {Quantum Computation and Quantum Information: 10th Anniversary Edition},
	year = {2011},
	isbn = {1107002176, 9781107002173},
	edition = {10th},
	publisher = {Cambridge University Press},
	address = {New York, NY, USA},
} 

